@article{bandeira2014sharp,
  title={Sharp nonasymptotic bounds on the norm of random matrices with independent entries},
  author={Bandeira, Afonso S and van Handel, Ramon},
  journal={arXiv preprint arXiv:1408.6185},
  year={2014}
}

